@book{cite:eijkhout2022,
  author         = {Victor Eijkhout},
  editor         = {},
  publisher      = {},
  title          = {Introduction to Scientific Programming},
  year           = {2022}
}